@book{oh2023making,
  title={Making sense of statistics: A conceptual overview},
  author={Oh, Deborah M and Pyrczak, Fred},
  year={2023},
  publisher={Routledge}
}
@article{islam2018basic,
  title={Basic Summary Statistics},
  author={Islam, M Ataharul and Al-Shiha, Abdullah and Islam, M Ataharul and Al-Shiha, Abdullah},
  journal={Foundations of Biostatistics},
  pages={39--72},
  year={2018},
  publisher={Springer}
}
@online{jmp_boxplot,
  author= "{JMP, SAS Institute Inc.}",
  title= "{Box plot: Introduction to statistics}",
  year= "{n.d.}",
  url= "https://www.jmp.com/en/statistics-knowledge-portal/exploratory-data-analysis/box-plot",
  note= "Retrieved May 10, 2025"
}
@article{wienclaw2009misuse,
  title={The misuse of statistics},
  author={Wienclaw, Ruth A},
  journal={The Research Starters Sociology},
  pages={1--5},
  year={2009}
}
@misc{wienclaw2017hypothesis,
  title={Hypothesis construction},
  author={Wienclaw, Ruth A},
  year={2017},
  publisher={Cedarville, OH: Salem Press Encyclopedia}
}
@incollection{lane2013descriptive,
  author= {Lane, David M.},
  title= {Descriptive Statistics},
  booktitle= {Introduction to Statistics},
  year= {2013},
  publisher= {Rice University},
  url= {https://onlinestatbook.com/2/introduction/descriptive.html}
}
@online{oscgarden2023bootstrapping,
  author= {OSC Garden},
  title= {The 8 Most Important Statistical Ideas: Bootstrapping and Simulation-Based Inference},
  year= {2023},
  date= {2023-11-27},
  url= {https://osc.garden/blog/bootstrapping-and-simulation-based-inference/},
  note= {Accessed: 2025-05-13}
}
@online{datatas2025future,
  author= {Datatas},
  title= {The Future of AI-Generated Data Summarization for Large Reports},
  year= {2025},
  date= {2025-04-14},
  url= {https://datatas.com/the-future-of-ai-generated-data-summarization-for-large-reports/},
  note= {Accessed: 2025-05-13}
}
@article{potter2010visualizing,
  title={Visualizing Summary Statistics and Uncertainty},
  author={Potter, Kristin and Kniss, Joe and Riesenfeld, Richard and Johnson, Chris R.},
  journal={Computer Graphics Forum},
  volume={29},
  number={3},
  pages={823--832},
  year={2010},
  publisher={Wiley},
  url={https://www.sci.utah.edu/~kpotter/publications/potter-2010-VSSU.pdf}
}
@article{fan2014challenges,
  author= {Jianqing Fan and Fang Han and Han Liu},
  title= {Challenges of Big Data analysis},
  journal= {National Science Review},
  volume= {1},
  number= {2},
  pages= {293--314},
  year= {2014},
  doi= {10.1093/nsr/nwt032},
  url= {https://doi.org/10.1093/nsr/nwt032}
}
@article{wang2016statistical,
  author= {Wang, Chun and Chen, Ming-Hui and Schifano, Elizabeth and Wu, Jing and Yan, Jun},
  title= {Statistical methods and computing for big data},
  journal= {Statistics and its Interface},
  volume= {9},
  number= {4},
  pages= {399--414},
  year= {2016},
  doi= {10.4310/SII.2016.v9.n4.a1},
  url= {https://doi.org/10.4310/SII.2016.v9.n4.a1}
}
@unpublished{gelman2024stat50,
  author= {Andrew Gelman and Aki Vehtari},
  title= {What are the most important statistical ideas of the past 50 years?},
  note= {Unpublished manuscript},
  year= {2024},
  url= {https://www.stat.columbia.edu/~gelman/research/unpublished/stat50.pdf}
}
@Manual{dplyr2023,
  title = {dplyr: A Grammar of Data Manipulation},
  author = {Hadley Wickham and Romain François and Lionel Henry and Kirill Müller and Davis Vaughan},
  year = {2023},
  note = {R package version 1.1.4},
  url = {https://dplyr.tidyverse.org/articles/dplyr.html}
}
@article{Weston1892,
  author= {Weston, S. F.},
  title= {Limitations of Statistics},
  journal= {Publications of the American Statistical Association},
  year= {1892},
  volume= {3},
  number= {20},
  pages= {259--264},
  url= {http://www.jstor.org/stable/2276629}
}
@book{wheelan2013naked,
  author = {Wheelan, Charles},
  title = {Naked Statistics: Stripping the Dread from the Data},
  year = {2013},
  publisher = {W. W. Norton \& Company},
  address = {New York, NY},
  note  = {pp. xiv, 222--223}
}
@misc{robinson2021starwars,
  author = {David Robinson},
  title = {Return of the starwars data set [Video]},
  year = {2021},
  month = {August},
  day = {17},
  howpublished = {YouTube},
  url = {https://www.youtube.com/watch?v=4vSfbz9YMa0}
}
@misc{walker2023gtsummary,
  author = {Lyndon Walker},
  title = {Easy Summary Tables in R with gtsummary [Video]},
  year = {2023},
  month = {April},
  day = {26},
  howpublished = {YouTube},
  url = {https://www.youtube.com/watch?v=gohF7pp2XCg}
}
@misc{dre2024gentle,
  author = {Dr E Research Videos},
  title = {Gentle R \#4: Basic Summary Statistics in R with R Studio [Video]},
  year = {2024},
  month = {June},
  day = {22},
  howpublished = {YouTube},
  url = {https://www.youtube.com/watch?v=8XFmPP93w_Y}
}
@online{phillips2024summary,
  author    = {Phillips, Nathaniel D.},
  title     = {6.2 Summary statistics | YaRrr! The Pirate's Guide to R},
  year      = {2024},
  url       = {https://bookdown.org/ndphillips/YaRrr/summary-statistics.html},
  note      = {[Online book section]}
}
@online{statsandr2024descriptive,
  author    = {Stats and R},
  title     = {Descriptive statistics in R},
  year      = {2024},
  url       = {https://statsandr.com/blog/descriptive-statistics-in-r/},
  note      = {[Blog post]}
}
@misc{DrE2024,
  author = {Dr E Research Videos},
  title = {Basic Summary Statistics in R for Beginners [Video]},
  year = {2024},
  url = {https://www.youtube.com/watch?v=8XFmPP93w_Y},
  note = {YouTube video, published June 22, 2024},
  howpublished = {YouTube},
}
@misc{Schork2021,
  author = {Schork, Joachim},
  title = {How to Calculate Summary Statistics for the Columns of a Data Frame in R (Example Code)},
  year = {2021},
  note = {YouTube video},
  url = {https://www.youtube.com/watch?v=FMRkUqy1Sjw},
  publisher = {Statistics Globe},
  howpublished = {YouTube},
  month = {August},
}
@online{medcalf2018favourite,
  author    = {Adam Medcalf},
  title     = {My favourite R package for: summarising data},
  year      = {2018},
  url       = {https://dabblingwithdata.amedcalf.com/2018/01/02/my-favourite-r-package-for-summarising-data/},
  note      = {Accessed: 2025-05-23}
}


